@online{kkkWhy2ab2017,
  title = {Why Is A² + B² ≥ 2ab ?},
  author = {{KKK}},
  date = {2017-06-14T09:34:25+00:00},
  url = {https://cuhkmath.wordpress.com/2017/06/14/why-is-a%c2%b2-b%c2%b2-%e2%89%a5-2ab/},
  urldate = {2022-03-14},
  langid = {english},
  organization = {{Mathematics@CUHK}}
}
