@article{mithani2009stochastic,
  title={A stochastic model for the evolution of metabolic networks with neighbor dependence},
  author={Mithani, Aziz and Preston, Gail M and Hein, Jotun},
  journal={Bioinformatics},
  volume={25},
  number={12},
  pages={1528--1535},
  year={2009},
  publisher={Oxford University Press}
}
@article{padilla2018adaptive,
  title={Adaptive Non-Parametric Regression With the $ K $-NN Fused Lasso},
  author={Padilla, Oscar Hernan Madrid and Sharpnack, James and Chen, Yanzhen and Witten, Daniela M},
  journal={arXiv preprint arXiv:1807.11641},
  year={2018}
}
